<?xml version="1.0" encoding="UTF-8"?>
<record xmlns="http://www.loc.gov/MARC21/slim" xmlns:xsi="http://www.w3.org/2001/XMLSchema-instance" xsi:schemaLocation="http://www.loc.gov/MARC21/slim http://www.loc.gov/standards/marcxml/schema/MARC21slim.xsd">
<leader>00000cam a22      a 4500</leader>
<controlfield tag="001">001678764</controlfield>
<controlfield tag="003">NNU</controlfield>
<controlfield tag="005">20150803165353.0</controlfield>
<controlfield tag="008">970626m19269999ua abc        000 0bara d</controlfield>
<datafield tag="035" ind1=" " ind2=" ">
<subfield code="a">(OCoLC)222204591</subfield>
</datafield>
<datafield tag="040" ind1=" " ind2=" ">
<subfield code="a">AU@</subfield>
<subfield code="b">eng</subfield>
<subfield code="c">AU@</subfield>
<subfield code="d">OCLCQ</subfield>
<subfield code="d">STF</subfield>
<subfield code="d">OCLCF</subfield>
<subfield code="d">OCLCO</subfield>
<subfield code="d">OCLCQ</subfield>
<subfield code="d">NNU</subfield>
</datafield>
<datafield tag="043" ind1=" " ind2=" ">
<subfield code="a">f-ua---</subfield>
</datafield>
<datafield tag="050" ind1=" " ind2="4">
<subfield code="a">DT107.2.M8</subfield>
<subfield code="b">A67 1926</subfield>
</datafield>
<datafield tag="082" ind1="0" ind2="4">
<subfield code="a">962.04092</subfield>
<subfield code="2">21</subfield>
</datafield>
<datafield tag="100" ind1="1" ind2=" ">
<subfield code="6">880-01</subfield>
<subfield code="a">Kāmil, ʻAlī Fahmī.</subfield>
</datafield>
<datafield tag="245" ind1="1" ind2="0">
<subfield code="6">880-02</subfield>
<subfield code="a">Sīrat Muṣṭafá Kāmil fī arbaʻah wa thalāthīn rabīʻ /</subfield>
<subfield code="c">bi-qalam ʻAlī Fahmī Kāmil Bik.</subfield>
</datafield>
<datafield tag="250" ind1=" " ind2=" ">
<subfield code="6">880-03</subfield>
<subfield code="a">al-Ṭabʻah 2.</subfield>
</datafield>
<datafield tag="260" ind1=" " ind2=" ">
<subfield code="6">880-04</subfield>
<subfield code="a">al-Qāhirah :</subfield>
<subfield code="b">Maṭbaʻat al-Difāʻ al-Waṭanī,</subfield>
<subfield code="c">1926-</subfield>
</datafield>
<datafield tag="300" ind1=" " ind2=" ">
<subfield code="a">volumes :</subfield>
<subfield code="b">illustrations, portraits ;</subfield>
<subfield code="c">24 cm</subfield>
</datafield>
<datafield tag="336" ind1=" " ind2=" ">
<subfield code="a">text</subfield>
<subfield code="b">txt</subfield>
<subfield code="2">rdacontent</subfield>
</datafield>
<datafield tag="337" ind1=" " ind2=" ">
<subfield code="a">unmediated</subfield>
<subfield code="b">n</subfield>
<subfield code="2">rdamedia</subfield>
</datafield>
<datafield tag="338" ind1=" " ind2=" ">
<subfield code="a">volume</subfield>
<subfield code="b">nc</subfield>
<subfield code="2">rdacarrier</subfield>
</datafield>
<datafield tag="500" ind1=" " ind2=" ">
<subfield code="a">At head of cover title: Bilādī! bilādī!</subfield>
</datafield>
<datafield tag="600" ind1="0" ind2="0">
<subfield code="a">Muṣṭafá Kāmil,</subfield>
<subfield code="d">1874-1908.</subfield>
</datafield>
<datafield tag="650" ind1=" " ind2="0">
<subfield code="a">Statesmen</subfield>
<subfield code="z">Egypt</subfield>
<subfield code="v">Biography.</subfield>
</datafield>
<datafield tag="650" ind1=" " ind2="0">
<subfield code="a">Politicians</subfield>
<subfield code="z">Egypt</subfield>
<subfield code="v">Biography.</subfield>
</datafield>
<datafield tag="651" ind1=" " ind2="0">
<subfield code="a">Egypt</subfield>
<subfield code="x">History</subfield>
<subfield code="y">British occupation, 1882-1936.</subfield>
</datafield>
<datafield tag="600" ind1="0" ind2="7">
<subfield code="a">Muṣṭafá Kāmil,</subfield>
<subfield code="d">1874-1908.</subfield>
<subfield code="2">fast</subfield>
<subfield code="0">(OCoLC)fst00093024</subfield>
</datafield>
<datafield tag="611" ind1="2" ind2="7">
<subfield code="a">British Occupation of Egypt (1882-1936)</subfield>
<subfield code="2">fast</subfield>
<subfield code="0">(OCoLC)fst01352144</subfield>
</datafield>
<datafield tag="650" ind1=" " ind2="7">
<subfield code="a">Politicians.</subfield>
<subfield code="2">fast</subfield>
<subfield code="0">(OCoLC)fst01069915</subfield>
</datafield>
<datafield tag="650" ind1=" " ind2="7">
<subfield code="a">Statesmen.</subfield>
<subfield code="2">fast</subfield>
<subfield code="0">(OCoLC)fst01131990</subfield>
</datafield>
<datafield tag="651" ind1=" " ind2="7">
<subfield code="a">Egypt.</subfield>
<subfield code="2">fast</subfield>
<subfield code="0">(OCoLC)fst01208755</subfield>
</datafield>
<datafield tag="648" ind1=" " ind2="7">
<subfield code="a">1882 - 1936.</subfield>
<subfield code="2">fast</subfield>
</datafield>
<datafield tag="655" ind1=" " ind2="7">
<subfield code="a">Biography.</subfield>
<subfield code="2">fast</subfield>
<subfield code="0">(OCoLC)fst01423686</subfield>
</datafield>
<datafield tag="655" ind1=" " ind2="7">
<subfield code="a">History.</subfield>
<subfield code="2">fast</subfield>
<subfield code="0">(OCoLC)fst01411628</subfield>
</datafield>
<datafield tag="880" ind1="1" ind2=" ">
<subfield code="6">100-01/</subfield>
<subfield code="a">كامل، علي فهمي.</subfield>
</datafield>
<datafield tag="880" ind1="1" ind2="0">
<subfield code="6">245-02/</subfield>
<subfield code="a">سيرة مصطفى كامل في اربعة و ثلاثين ربيع /</subfield>
<subfield code="c">بقلم علي فهمي كامل بك.</subfield>
</datafield>
<datafield tag="880" ind1=" " ind2=" ">
<subfield code="6">250-03/</subfield>
<subfield code="a">الطبعة 2.</subfield>
</datafield>
<datafield tag="880" ind1=" " ind2=" ">
<subfield code="6">260-04/</subfield>
<subfield code="a">القاهرة :</subfield>
<subfield code="b">مطبعة الدفاع الوطني،</subfield>
<subfield code="c">1926</subfield>
</datafield>
<datafield tag="OWN" ind1=" " ind2=" ">
<subfield code="a">GENERAL</subfield>
</datafield>
<datafield tag="AVA" ind1=" " ind2=" ">
<subfield code="a">NYU50</subfield>
<subfield code="b">BOBST</subfield>
<subfield code="c">Main Collection</subfield>
<subfield code="d">DT107.2.M8 A6 1926</subfield>
<subfield code="e">unavailable</subfield>
<subfield code="t">Unavailable</subfield>
<subfield code="f">1</subfield>
<subfield code="g">1</subfield>
<subfield code="h">Y</subfield>
<subfield code="i">1</subfield>
<subfield code="j">MAIN</subfield>
<subfield code="k">0</subfield>
</datafield>
</record>
